%YAML 1.1
%TAG !u! tag:unity3d.com,2011:
--- !u!1 &1548706689570536730
GameObject:
  m_ObjectHideFlags: 0
  m_CorrespondingSourceObject: {fileID: 0}
  m_PrefabInstance: {fileID: 0}
  m_PrefabAsset: {fileID: 0}
  serializedVersion: 6
  m_Component:
  - component: {fileID: 7299826477742493172}
  - component: {fileID: 7777766382601151697}
  - component: {fileID: 5926323253836956937}
  - component: {fileID: 7064081072807713368}
  - component: {fileID: 396084336025689563}
  m_Layer: 0
  m_Name: 0FigureR
  m_TagString: ObjectInspection
  m_Icon: {fileID: 0}
  m_NavMeshLayer: 0
  m_StaticEditorFlags: 0
  m_IsActive: 1
--- !u!4 &7299826477742493172
Transform:
  m_ObjectHideFlags: 0
  m_CorrespondingSourceObject: {fileID: 0}
  m_PrefabInstance: {fileID: 0}
  m_PrefabAsset: {fileID: 0}
  m_GameObject: {fileID: 1548706689570536730}
  m_LocalRotation: {x: 0, y: 0, z: 0, w: 1}
  m_LocalPosition: {x: -0.043608367, y: 0.018867496, z: 0.14157331}
  m_LocalScale: {x: 0.5, y: 0.5, z: 0.5}
  m_Children:
  - {fileID: 6311698033693330998}
  m_Father: {fileID: 0}
  m_RootOrder: 0
  m_LocalEulerAnglesHint: {x: 0, y: 0, z: 0}
--- !u!65 &7777766382601151697
BoxCollider:
  m_ObjectHideFlags: 0
  m_CorrespondingSourceObject: {fileID: 0}
  m_PrefabInstance: {fileID: 0}
  m_PrefabAsset: {fileID: 0}
  m_GameObject: {fileID: 1548706689570536730}
  m_Material: {fileID: 0}
  m_IsTrigger: 1
  m_Enabled: 1
  serializedVersion: 2
  m_Size: {x: 0.3175187, y: 0.15266037, z: 0.2482264}
  m_Center: {x: -0.008320987, y: -0.0038714446, z: 0.0051630735}
--- !u!54 &5926323253836956937
Rigidbody:
  m_ObjectHideFlags: 0
  m_CorrespondingSourceObject: {fileID: 0}
  m_PrefabInstance: {fileID: 0}
  m_PrefabAsset: {fileID: 0}
  m_GameObject: {fileID: 1548706689570536730}
  serializedVersion: 2
  m_Mass: 1
  m_Drag: 0
  m_AngularDrag: 0.05
  m_UseGravity: 0
  m_IsKinematic: 1
  m_Interpolate: 0
  m_Constraints: 0
  m_CollisionDetection: 0
--- !u!114 &7064081072807713368
MonoBehaviour:
  m_ObjectHideFlags: 0
  m_CorrespondingSourceObject: {fileID: 0}
  m_PrefabInstance: {fileID: 0}
  m_PrefabAsset: {fileID: 0}
  m_GameObject: {fileID: 1548706689570536730}
  m_Enabled: 1
  m_EditorHideFlags: 0
  m_Script: {fileID: 11500000, guid: 3dc2bc3f8fa34c94190dba038adb0d2f, type: 3}
  m_Name: 
  m_EditorClassIdentifier: 
--- !u!114 &396084336025689563
MonoBehaviour:
  m_ObjectHideFlags: 0
  m_CorrespondingSourceObject: {fileID: 0}
  m_PrefabInstance: {fileID: 0}
  m_PrefabAsset: {fileID: 0}
  m_GameObject: {fileID: 1548706689570536730}
  m_Enabled: 1
  m_EditorHideFlags: 0
  m_Script: {fileID: 11500000, guid: f29c7317530fbf54bb84c611cb28b8cd, type: 3}
  m_Name: 
  m_EditorClassIdentifier: 
  hauteur: 0.1
--- !u!1001 &5772803930265217501
PrefabInstance:
  m_ObjectHideFlags: 0
  serializedVersion: 2
  m_Modification:
    m_TransformParent: {fileID: 7299826477742493172}
    m_Modifications:
    - target: {fileID: -8679921383154817045, guid: 830410eb56441454c881044e9e2a4a87,
        type: 3}
      propertyPath: m_LocalPosition.x
      value: 0
      objectReference: {fileID: 0}
    - target: {fileID: -8679921383154817045, guid: 830410eb56441454c881044e9e2a4a87,
        type: 3}
      propertyPath: m_LocalPosition.y
      value: 0.716
      objectReference: {fileID: 0}
    - target: {fileID: -8679921383154817045, guid: 830410eb56441454c881044e9e2a4a87,
        type: 3}
      propertyPath: m_LocalPosition.z
      value: 0
      objectReference: {fileID: 0}
    - target: {fileID: -8679921383154817045, guid: 830410eb56441454c881044e9e2a4a87,
        type: 3}
      propertyPath: m_LocalRotation.x
      value: -0.49999997
      objectReference: {fileID: 0}
    - target: {fileID: -8679921383154817045, guid: 830410eb56441454c881044e9e2a4a87,
        type: 3}
      propertyPath: m_LocalRotation.y
      value: 0.5000001
      objectReference: {fileID: 0}
    - target: {fileID: -8679921383154817045, guid: 830410eb56441454c881044e9e2a4a87,
        type: 3}
      propertyPath: m_LocalRotation.z
      value: -0.5
      objectReference: {fileID: 0}
    - target: {fileID: -8679921383154817045, guid: 830410eb56441454c881044e9e2a4a87,
        type: 3}
      propertyPath: m_LocalRotation.w
      value: 0.49999988
      objectReference: {fileID: 0}
    - target: {fileID: -8679921383154817045, guid: 830410eb56441454c881044e9e2a4a87,
        type: 3}
      propertyPath: m_RootOrder
      value: 0
      objectReference: {fileID: 0}
    - target: {fileID: -8679921383154817045, guid: 830410eb56441454c881044e9e2a4a87,
        type: 3}
      propertyPath: m_LocalEulerAnglesHint.x
      value: 0
      objectReference: {fileID: 0}
    - target: {fileID: -8679921383154817045, guid: 830410eb56441454c881044e9e2a4a87,
        type: 3}
      propertyPath: m_LocalEulerAnglesHint.y
      value: 0
      objectReference: {fileID: 0}
    - target: {fileID: -8679921383154817045, guid: 830410eb56441454c881044e9e2a4a87,
        type: 3}
      propertyPath: m_LocalEulerAnglesHint.z
      value: 0
      objectReference: {fileID: 0}
    - target: {fileID: -8679921383154817045, guid: 830410eb56441454c881044e9e2a4a87,
        type: 3}
      propertyPath: m_LocalScale.x
      value: 50
      objectReference: {fileID: 0}
    - target: {fileID: -8679921383154817045, guid: 830410eb56441454c881044e9e2a4a87,
        type: 3}
      propertyPath: m_LocalScale.y
      value: 50
      objectReference: {fileID: 0}
    - target: {fileID: -8679921383154817045, guid: 830410eb56441454c881044e9e2a4a87,
        type: 3}
      propertyPath: m_LocalScale.z
      value: 77
      objectReference: {fileID: 0}
    - target: {fileID: -7511558181221131132, guid: 830410eb56441454c881044e9e2a4a87,
        type: 3}
      propertyPath: m_Materials.Array.data[0]
      value: 
      objectReference: {fileID: 2100000, guid: 035b4023e9e4dea459ebd5f9cd8cdd4e, type: 2}
    - target: {fileID: 919132149155446097, guid: 830410eb56441454c881044e9e2a4a87,
        type: 3}
      propertyPath: m_Name
      value: ReligionFigure
      objectReference: {fileID: 0}
    - target: {fileID: 919132149155446097, guid: 830410eb56441454c881044e9e2a4a87,
        type: 3}
      propertyPath: m_TagString
      value: Untagged
      objectReference: {fileID: 0}
    m_RemovedComponents: []
  m_SourcePrefab: {fileID: 100100000, guid: 830410eb56441454c881044e9e2a4a87, type: 3}
--- !u!4 &6311698033693330998 stripped
Transform:
  m_CorrespondingSourceObject: {fileID: -8679921383154817045, guid: 830410eb56441454c881044e9e2a4a87,
    type: 3}
  m_PrefabInstance: {fileID: 5772803930265217501}
  m_PrefabAsset: {fileID: 0}
